<record><leader>00000cas a22000007a 4500</leader><controlfield tag="001">1554820</controlfield><controlfield tag="008">750817d19082003mnuwr ne      0    0eng d</controlfield><datafield ind1=" " ind2=" " tag="010"><subfield code="a">sn 89064773 </subfield></datafield><datafield ind1=" " ind2=" " tag="040"><subfield code="a">MUL</subfield><subfield code="b">eng</subfield><subfield code="c">MUL</subfield><subfield code="d">OCL</subfield><subfield code="d">MN#</subfield><subfield code="d">DLC</subfield><subfield code="d">OCLCQ</subfield><subfield code="d">OCLCF</subfield><subfield code="d">OCLCO</subfield></datafield><datafield ind1="1" ind2=" " tag="029"><subfield code="a">AU@</subfield><subfield code="b">000020661098</subfield></datafield><datafield ind1=" " ind2=" " tag="042"><subfield code="a">msc</subfield></datafield><datafield ind1=" " ind2=" " tag="043"><subfield code="a">n-us-mn</subfield></datafield><datafield ind1=" " ind2=" " tag="052"><subfield code="a">4144</subfield><subfield code="b">C53</subfield></datafield><datafield ind1=" " ind2=" " tag="052"><subfield code="a">4143</subfield><subfield code="b">D5</subfield></datafield><datafield ind1="0" ind2="0" tag="245"><subfield code="a">Claremont news.</subfield></datafield><datafield ind1="1" ind2="3" tag="246"><subfield code="a">Claremont news with the Dodge Center record</subfield><subfield code="f">Apr. 17, 1936-May 22, 1936</subfield></datafield><datafield ind1=" " ind2=" " tag="260"><subfield code="a">Claremont, Dodge County, Minn. :</subfield><subfield code="b">[s.n.]</subfield></datafield><datafield ind1=" " ind2=" " tag="300"><subfield code="a">v.</subfield></datafield><datafield ind1=" " ind2=" " tag="310"><subfield code="a">Weekly</subfield></datafield><datafield ind1="1" ind2=" " tag="362"><subfield code="a">Began in 1908.</subfield></datafield><datafield ind1="0" ind2=" " tag="362"><subfield code="a">-v. 95, no. 56 (Mar. 19, 2003).</subfield></datafield><datafield ind1=" " ind2=" " tag="500"><subfield code="a">Published as: Claremont news with the Dodge Center record, Apr. 17, 1936-May 22, 1936.</subfield></datafield><datafield ind1=" " ind2=" " tag="530"><subfield code="a">Available on microfilm from the Minnesota Historical Society.</subfield></datafield><datafield ind1=" " ind2=" " tag="580"><subfield code="a">Merged with: West Concord enterprise, to form: Claremont news-West Condord enterprise.</subfield></datafield><datafield ind1=" " ind2=" " tag="588"><subfield code="a">Description based on: Vol. 11, no. 16 (Mar. 17, 1922).</subfield></datafield><datafield ind1=" " ind2="0" tag="651"><subfield code="a">Claremont (Minn.)</subfield><subfield code="v">Newspapers.</subfield></datafield><datafield ind1=" " ind2="7" tag="655"><subfield code="a">Newspapers.</subfield><subfield code="2">fast</subfield><subfield code="0">(OCoLC)fst01423814</subfield></datafield><datafield ind1=" " ind2="7" tag="651"><subfield code="a">Minnesota</subfield><subfield code="z">Claremont.</subfield><subfield code="2">fast</subfield><subfield code="0">(OCoLC)fst01254625</subfield></datafield><datafield ind1=" " ind2=" " tag="752"><subfield code="a">United States</subfield><subfield code="b">Minnesota</subfield><subfield code="c">Dodge</subfield><subfield code="d">Claremont.</subfield></datafield><datafield ind1="0" ind2=" " tag="775"><subfield code="t">Dodge Center record with the Claremont news</subfield><subfield code="w">(DLC)sn 89064785</subfield></datafield><datafield ind1="1" ind2="7" tag="785"><subfield code="t">West Concord enterprise</subfield><subfield code="w">(OCoLC)1769627</subfield></datafield><datafield ind1="1" ind2="7" tag="785"><subfield code="t">Claremont news-West Concord enterprise</subfield><subfield code="w">(OCoLC)51956429</subfield></datafield></record>